 @article{know_your_meme, title={If a dog wore pants}, url={https://knowyourmeme.com/memes/if-a-dog-wore-pants}, journal={Know Your Meme}, publisher={Know Your Meme}, year={2015}, month={Dec}}

  @article{utopian_raspberry, title={If a dog wore pants would he wear them like this or like this?}, url={https://www.facebook.com/1ur.mom/photos/a.535344933281912.1073741828.535340893282316/604404026376002/?type=3&amp;theater}, journal={Utopian Raspberry - Modern Oasis Machine}, publisher={Facebook}, year={2015}, month={Dec}} 

  
  @article{reddit, title={If a man wore pants...}, url={https://www.reddit.com/r/funny/comments/3yosk1/if_a_man_wore_pants/}, journal={Reddit}, publisher={/r/funny}, year={2015}, month={Dec}, author={/u/flooid}} 
  
  @article{twitter, title={quick question}, url={https://twitter.com/bobby/status/849491087005810688}, journal={Twitter}, year={2017}, month={April}, author={@bobby}} 

  @article{Li:2020:DVG,
    title = {Differentiable Vector Graphics Rasterization for Editing and Learning},
    author = {Li, Tzu-Mao and Luk\'{a}\v{c}, Michal and Gharbi Micha\"{e}l and Jonathan Ragan-Kelley},
    journal = {ACM Trans. Graph. (Proc. SIGGRAPH Asia)},
    volume = {39},
    number = {6},
    pages = {193:1--193:15},
    year = {2020}
}

@inproceedings{Adam,
  author    = {Diederik P. Kingma and
               Jimmy Ba},
  editor    = {Yoshua Bengio and
               Yann LeCun},
  title     = {Adam: {A} Method for Stochastic Optimization},
  booktitle = {3rd International Conference on Learning Representations, {ICLR} 2015,
               San Diego, CA, USA, May 7-9, 2015, Conference Track Proceedings},
  year      = {2015},
  url       = {http://arxiv.org/abs/1412.6980},
  timestamp = {Thu, 25 Jul 2019 14:25:37 +0200},
  biburl    = {https://dblp.org/rec/journals/corr/KingmaB14.bib},
  bibsource = {dblp computer science bibliography, https://dblp.org}
}

@article{liu2019softras,
  title={Soft Rasterizer: A Differentiable Renderer for Image-based 3D Reasoning},
  author={Liu, Shichen and Li, Tianye and Chen, Weikai and Li, Hao},
  journal={The IEEE International Conference on Computer Vision (ICCV)},
  month = {Oct},
  year={2019}
}

@article{liu2020general,
  title={A General Differentiable Mesh Renderer for Image-based 3D Reasoning},
  author={Liu, Shichen and Li, Tianye and Chen, Weikai and Li, Hao},
  journal={IEEE Transactions on Pattern Analysis and Machine Intelligence},
  year={2020},
  publisher={IEEE}
}

@inproceedings{paszke2017automatic,
  title={Automatic differentiation in PyTorch},
  author={Paszke, Adam and Gross, Sam and Chintala, Soumith and Chanan, Gregory and Yang, Edward and DeVito, Zachary and Lin, Zeming and Desmaison, Alban and Antiga, Luca and Lerer, Adam},
  booktitle={NIPS-W},
  year={2017}
}

@article{wikipedia_2023, title={Vitruvian Man}, url={https://en.wikipedia.org/wiki/Vitruvian_Man}, journal={Wikipedia}, publisher={Wikimedia Foundation}} 

@article{jumpst,
  title =   {21 {J}ump {S}treet},
  author = {Lord, Phil and Miller, Christopher},     
  year = {2012}
}

 @article{pagurek_2022, title={Can you draw a horse without a reference?}, url={https://davepagurek.github.io/horse-drawings/}, author={Pagurek, Dave}, year={2022}, month={Jul}} 